<?xml version="1.0" encoding="UTF-8" ?><marc:collection xmlns:marc="http://www.loc.gov/MARC21/slim" xmlns:xsi="http://www.w3.org/2001/XMLSchema-instance" xsi:schemaLocation="http://www.loc.gov/MARC21/slim http://www.loc.gov/standards/marcxml/schema/MARC21slim.xsd">
<marc:record><marc:leader>04876cam a2200517Ii 4500</marc:leader>
<marc:controlfield tag="001">b12331284</marc:controlfield>
<marc:controlfield tag="003">UaCaAUL</marc:controlfield><marc:controlfield tag="005">20190619101104.0</marc:controlfield><marc:controlfield tag="008">890228s1913    xx       b    000 0 ara d</marc:controlfield><marc:datafield tag="035" ind1=" " ind2=" "><marc:subfield code="a">(OCoLC)23503332</marc:subfield></marc:datafield><marc:datafield tag="040" ind1=" " ind2=" "><marc:subfield code="a">EYM</marc:subfield><marc:subfield code="b">eng</marc:subfield><marc:subfield code="e">rda</marc:subfield><marc:subfield code="c">EYM</marc:subfield><marc:subfield code="d">UUM</marc:subfield><marc:subfield code="d">OCLCG</marc:subfield><marc:subfield code="d">OCLCQ</marc:subfield><marc:subfield code="d">OCLCF</marc:subfield><marc:subfield code="d">OCLCQ</marc:subfield><marc:subfield code="d">OCLCO</marc:subfield><marc:subfield code="d">OCL</marc:subfield><marc:subfield code="d">MEAUC</marc:subfield></marc:datafield><marc:datafield tag="050" ind1=" " ind2="4"><marc:subfield code="a">PJ7675</marc:subfield><marc:subfield code="b">.K96 1913</marc:subfield></marc:datafield><marc:datafield tag="066" ind1=" " ind2=" "><marc:subfield code="c">(3</marc:subfield></marc:datafield><marc:datafield tag="090" ind1=" " ind2=" "><marc:subfield code="a">PJ7675</marc:subfield><marc:subfield code="b">.K96 1913</marc:subfield></marc:datafield><marc:datafield tag="100" ind1="1" ind2=" "><marc:subfield code="6">880-01</marc:subfield><marc:subfield code="a">Kurd ʻAlī, Muḥammad,</marc:subfield><marc:subfield code="d">1876-1953,</marc:subfield><marc:subfield code="e">compiler.</marc:subfield></marc:datafield><marc:datafield tag="245" ind1="1" ind2="0"><marc:subfield code="6">880-02</marc:subfield><marc:subfield code="a">Rasāʼil al-bulaghāʼ /</marc:subfield><marc:subfield code="c">ʻuniya bi-jamʻihā Muḥammad Kurd ʻAlī, ṣāḥib Majallat al-Muqtabas.</marc:subfield></marc:datafield><marc:datafield tag="250" ind1=" " ind2=" "><marc:subfield code="6">880-03</marc:subfield><marc:subfield code="a">al-Ṭabʻah al-thāniyah.</marc:subfield></marc:datafield><marc:datafield tag="264" ind1=" " ind2="1"><marc:subfield code="6">880-04</marc:subfield><marc:subfield code="a">Miṣr :</marc:subfield><marc:subfield code="b">Ṭubiʻa bi-Maṭbaʻat Dār al-Kutub al-ʻArabīyah al-Kubrá,</marc:subfield><marc:subfield code="c">1331, 1913.</marc:subfield></marc:datafield><marc:datafield tag="300" ind1=" " ind2=" "><marc:subfield code="a">320 pages ;</marc:subfield><marc:subfield code="c">22 cm.</marc:subfield></marc:datafield><marc:datafield tag="336" ind1=" " ind2=" "><marc:subfield code="a">text</marc:subfield><marc:subfield code="b">txt</marc:subfield><marc:subfield code="2">rdacontent.</marc:subfield></marc:datafield><marc:datafield tag="337" ind1=" " ind2=" "><marc:subfield code="a">unmediated</marc:subfield><marc:subfield code="b">n</marc:subfield><marc:subfield code="2">rdamedia.</marc:subfield></marc:datafield><marc:datafield tag="338" ind1=" " ind2=" "><marc:subfield code="a">volume</marc:subfield><marc:subfield code="b">nc</marc:subfield><marc:subfield code="2">rdacarrier.</marc:subfield></marc:datafield><marc:datafield tag="504" ind1=" " ind2=" "><marc:subfield code="a">Includes bibliographical references.</marc:subfield></marc:datafield><marc:datafield tag="500" ind1=" " ind2=" "><marc:subfield code="6">880-05</marc:subfield><marc:subfield code="a">Taḥtawī ʻalá mā ʻurifa li-ʻAbd Allāh ibn al-Muqaffaʻ min al-Adab al-Ṣaghīr wa-al-adab al-kabīr wa-ghayrihimā wa-mā li-ʻAbd al-Ḥamīd ibn Yaḥyá al-Kātib min al-rasāʼil wa-al-nutaf wa-al-ḥikam wa-ʻalá al-Risālah al-ʻadhrāʼ fī mawāzīn al-balāghah wa-adawāt al-kitābah li-Abī al-Yusr Ibrāhīm ibn Muḥammad ibn al-Mudabbir wa-Risālat Abī Ḥasan ʻalá ibn Manṣūr al-Ḥalabī al-maʻrūf bi-Ibn al-Qāriḥ ilá Abī al-ʻAlāʼ al-Maʻarrī wa-Mulqá al-sabīl lil-Maʻarrī wa-Rasāʼil al-intiqād li-Ibn Sharaf al-Qayrawānī wa-Kitāb al-ʻArab li-Ibn Qutaybah wa-Risālat Rashīd al-Dīn al-Wuṭwāṭ fī-mā jará baynahu wa-bayna al-Zamakhsharī wa-muntakhab min ʻAhdāzadshīr fī al-sīyāsah wa-kitāb al-Adab wa-al-murūʼah li-Ṣāliḥ ibn Janāḥ al-Ribʻī.</marc:subfield></marc:datafield><marc:datafield tag="590" ind1=" " ind2=" "><marc:subfield code="a">One copy is from Mahmoud Saba's personal library collection at the American University in Cairo.</marc:subfield></marc:datafield><marc:datafield tag="650" ind1=" " ind2="0"><marc:subfield code="a">Arabic literature</marc:subfield><marc:subfield code="y">750-1258</marc:subfield><marc:subfield code="x">History and criticism.</marc:subfield></marc:datafield><marc:datafield tag="700" ind1="0" ind2=" "><marc:subfield code="6">880-06</marc:subfield><marc:subfield code="a">Ibn al-Muqaffaʻ,</marc:subfield><marc:subfield code="d">-approximately 760.</marc:subfield><marc:subfield code="t">Adab al-Ṣaghīr wa-al-adab al-kabīr.</marc:subfield></marc:datafield><marc:datafield tag="700" ind1="1" ind2="2"><marc:subfield code="6">880-07</marc:subfield><marc:subfield code="a">Kātib, ʻAbd al-Ḥamīd ibn Yaḥyá,</marc:subfield><marc:subfield code="d">-749 or 750.</marc:subfield><marc:subfield code="t">Rasāʼil.</marc:subfield></marc:datafield><marc:datafield tag="700" ind1="1" ind2="2"><marc:subfield code="6">880-08</marc:subfield><marc:subfield code="a">Ibn al-Mudabbir, Ibrāhīm ibn Muḥammad,</marc:subfield><marc:subfield code="d">-892 or 893.</marc:subfield><marc:subfield code="t">Risālah al-ʻadhrāʼ fī mawāzīn al-balāghah wa-adawāt al-kitābah.</marc:subfield></marc:datafield><marc:datafield tag="700" ind1="0" ind2="2"><marc:subfield code="6">880-09</marc:subfield><marc:subfield code="a">Abū al-ʻAlāʼ al-Maʻarrī,</marc:subfield><marc:subfield code="d">973-1057.</marc:subfield><marc:subfield code="t">Rasāʼil.</marc:subfield></marc:datafield><marc:datafield tag="700" ind1="1" ind2="2"><marc:subfield code="6">880-10</marc:subfield><marc:subfield code="a">Ibn Sharaf al-Qayrawānī, Abū ʻAbd Allāh Muḥammad ibn Saʻīd,</marc:subfield><marc:subfield code="d">approximately 1000-1067.</marc:subfield><marc:subfield code="t">Kitāb al-ʻArab.</marc:subfield></marc:datafield><marc:datafield tag="700" ind1="1" ind2="2"><marc:subfield code="a">Saba, Mahmoud,</marc:subfield><marc:subfield code="d">1886-1976.</marc:subfield><marc:subfield code="t">Saba Personal Library Collection.</marc:subfield></marc:datafield><marc:datafield tag="880" ind1="1" ind2="0"><marc:subfield code="6">245-02/(3/r</marc:subfield><marc:subfield code="a">رسائل البلغاء /‪</marc:subfield><marc:subfield code="c">عني بجمعها محمد كرد علي، صاحب مجلة المقتبس..</marc:subfield></marc:datafield><marc:datafield tag="880" ind1="1" ind2=" "><marc:subfield code="6">100-01/(3/r</marc:subfield><marc:subfield code="a">كرد علي، محمد،‪</marc:subfield><marc:subfield code="d">1876-1953.</marc:subfield></marc:datafield><marc:datafield tag="880" ind1=" " ind2=" "><marc:subfield code="6">250-03/(3/r</marc:subfield><marc:subfield code="a">الطبعة الثانية..</marc:subfield></marc:datafield><marc:datafield tag="880" ind1=" " ind2="1"><marc:subfield code="6">264-04/(3/r</marc:subfield><marc:subfield code="a">مصر :‪</marc:subfield><marc:subfield code="b">طبع بمطبعة دار الكتب العربية الكبرى،‪</marc:subfield><marc:subfield code="c">1331, 1913.</marc:subfield></marc:datafield><marc:datafield tag="880" ind1=" " ind2=" "><marc:subfield code="6">500-05/(3/r</marc:subfield><marc:subfield code="a">تحتوي على ما عرف لعبد الله بن المقفع من الأدب الصغير والأدب الكبير وغيرهما وما لعبد الحميد بن يحيى الكاتب من الرسائل والنتف والحكم وعلى الرسالة العذراء في موازين البلاغة وأدوات الكتابة لأبي اليسر إبراهيم بن محمد بن المدبر ورسالة أبي حسن على بن منصور الحلبي المعروف بابن القارح إلى أبي العلاء المعري وملقى السبيل للمعري ورسائل الانتقاد لابن شرف القيرواني وكتاب العرب لابن قتيبة ورسالة رشيد الدين الوطواط فيما جرى بينه وبين الزمخشري ومنتخب من عهدازدشير في السياسة وكتاب الأدب والمروءة لصالح بن جناح الربعي..</marc:subfield></marc:datafield><marc:datafield tag="880" ind1="0" ind2=" "><marc:subfield code="6">700-06/(3/r</marc:subfield><marc:subfield code="a">ابن المقفع،‪</marc:subfield><marc:subfield code="d">حوالي 760.‪</marc:subfield><marc:subfield code="t">أدب الصغير والأدب الكبير..</marc:subfield></marc:datafield><marc:datafield tag="880" ind1="1" ind2="2"><marc:subfield code="6">700-07/(3/r</marc:subfield><marc:subfield code="a">كاتب، عبد الحميد بن يحيى،‪</marc:subfield><marc:subfield code="d">-749 أو 750.‪</marc:subfield><marc:subfield code="t">رسائل..</marc:subfield></marc:datafield><marc:datafield tag="880" ind1="1" ind2="2"><marc:subfield code="6">700-08/(3/r</marc:subfield><marc:subfield code="a">بن المدبر، إبراهيم بن محمد،‪</marc:subfield><marc:subfield code="d">892 أو 893.‪</marc:subfield><marc:subfield code="t">رسالة العذراء في موازين البلاغة وأدوات الكتابة..</marc:subfield></marc:datafield><marc:datafield tag="880" ind1="0" ind2="2"><marc:subfield code="6">700-09/(3/r</marc:subfield><marc:subfield code="a">أبو العلاء المعري،‪</marc:subfield><marc:subfield code="d">973-1057.</marc:subfield><marc:subfield code="t">رسائل..</marc:subfield></marc:datafield><marc:datafield tag="880" ind1="1" ind2="2"><marc:subfield code="6">700-10/(3/r</marc:subfield><marc:subfield code="a">ابن شرف القيرواني، أبو عبد الله محمد بن سعيد،‪</marc:subfield><marc:subfield code="d">حوالي 1000-1067.‪</marc:subfield><marc:subfield code="t">كتاب العرب..</marc:subfield></marc:datafield><marc:datafield tag="907" ind1=" " ind2=" "><marc:subfield code="a">.b12331284</marc:subfield><marc:subfield code="b">multi</marc:subfield></marc:datafield><marc:datafield tag="902" ind1=" " ind2=" "><marc:subfield code="a">190620</marc:subfield></marc:datafield><marc:datafield tag="998" ind1=" " ind2=" "><marc:subfield code="b">3</marc:subfield><marc:subfield code="c">991110</marc:subfield><marc:subfield code="d">m</marc:subfield><marc:subfield code="e">~</marc:subfield><marc:subfield code="f">-</marc:subfield><marc:subfield code="g">0</marc:subfield><marc:subfield code="k">MAH</marc:subfield></marc:datafield><marc:datafield tag="945" ind1=" " ind2=" "><marc:subfield code="l">main </marc:subfield></marc:datafield></marc:record>
</marc:collection>
